@book{Grossman2007,
author = {Jeremiah Grossman AND Robert Hansen AND Petko D. Petkov AND Anton Rager},
publisher = {Syngress},
isbn = {1-59749-154-3},
year = {2007},
title = {XSS attacks : cross site scripting exploits and defense},
language = {eng},
address = {Burlington},
keywords = {bezpečnost ob; internet vt; World Wide Web (WWW); bezpečnostní opatření; bezpečnostní zařízení; webové stránky},
}

@misc{XSS-cloudflare,
    title= {What is cross-site scripting?},
    howpublished = {[Online] \url{https://www.cloudflare.com/learning/security/threats/cross-site-scripting/}},
    note = {vid.: 04.11.2024}
}

@misc{XSS-owasp,
    title= {Cross Site Scripting (XSS)},
    author= {Kirsten, S.},
    howpublished = {[Online] \url{https://owasp.org/www-community/attacks/xss/}},
    note = {vid.: 09.11.2024}
}

@misc{DOM-XSS-owasp,
    title= {DOM Based XSS},
    howpublished = {[Online] \url{https://owasp.org/www-community/attacks/DOM\_Based\_XSS}},
    note = {vid.: 09.11.2024}
}

@misc{TYPES-XSS-owasp,
    title= {Types of XSS},
    howpublished = {[Online] \url{https://owasp.org/www-community/Types\_of\_Cross-Site\_Scripting}},
    note = {vid.: 09.11.2024}
}

@misc{Prevention-XSS-owasp,
    title= {Cross Site Scripting Prevention Cheat Sheet},
    howpublished = {[Online] \url{https://cheatsheetseries.owasp.org/cheatsheets/Cross\_Site\_Scripting\_Prevention\_Cheat\_Sheet.html}},
    note = {vid.: 10.11.2024}
}

@misc{owasp-topten,
    title= {OWASP Top Ten},
    howpublished = {[Online] \url{https://owasp.org/www-project-top-ten/}},
    note = {vid.: 10.11.2024}
}

@misc{swisskyrepo2024XSS,
  author       = {swisskyrepo},
  title        = {PayloadsAllTheThings: XSS Injection},
  year         = {2024},
  howpublished = {[Online] \url{https://github.com/swisskyrepo/PayloadsAllTheThings/tree/master/XSS\%20Injection\#readme}},
  note         = {vid.: 12.11.2024},
}

@misc{snyk-xss,
    title= {Cross-site scripting (XSS)},
    howpublished = {[Online] \url{https://learn.snyk.io/lesson/xss/#step-1de1e6e6-ac0d-4986-a72a-d7f4f74f3bf7}},
    note = {vid.: 12.11.2024}
}